<collection xmlns="http://www.loc.gov/MARC21/slim">
<record>
  <leader>01121nam0a22002051i 450 </leader>
  <controlfield tag="001">IT\ICCU\CNCE\055207</controlfield>
  <controlfield tag="005">20130417000000.0</controlfield>
  <datafield tag="012" ind1=" " ind2=" ">
    <subfield code="a">b.9. a-ue i-su e,c- (S) 1569 (Q)</subfield>
    <subfield code="2">fei</subfield>
  </datafield>
  <datafield tag="100" ind1=" " ind2=" ">
    <subfield code="a">20040108f1569        0itac0103    ba</subfield>
  </datafield>
  <datafield tag="101" ind1=" " ind2=" ">
    <subfield code="a">ITA</subfield>
  </datafield>
  <datafield tag="102" ind1=" " ind2=" ">
    <subfield code="a">IT</subfield>
  </datafield>
  <datafield tag="200" ind1="1" ind2=" ">
    <subfield code="a">Volendo monsignor reuerendissimo gouernatore di Roma vsare ogni suo potere accio li ladri che fanno giornalmente qualche eccesso &amp; rubbamento nel distretto di Roma venghino in mano della corte per darli il debito castigo, &amp; prouedere che per l&apos;auenire non possino farne ...</subfield>
  </datafield>
  <datafield tag="210" ind1=" " ind2=" ">
    <subfield code="d">\1569!</subfield>
  </datafield>
  <datafield tag="215" ind1=" " ind2=" ">
    <subfield code="a">1 foglio</subfield>
    <subfield code="d">1/2</subfield>
  </datafield>
  <datafield tag="300" ind1=" " ind2=" ">
    <subfield code="a">Bando del governatore di Roma, nel quale si promettono premi a coloro che faranno prendere i ladri ed i banditi. - Data di emanazione: Roma, novembre 1569. - Stampata a Roma dagli eredi di Antonio Blado; per il tipografo e la data cfr.: Catalogo delle edizioni romane di Antonio Blado Asolano ed eredi, n.520</subfield>
  </datafield>
  <datafield tag="620" ind1=" " ind2=" ">
    <subfield code="a">IT</subfield>
    <subfield code="d">Roma</subfield>
  </datafield>
  <datafield tag="710" ind1="0" ind2="2">
    <subfield code="a">Roma</subfield>
    <subfield code="3">3272</subfield>
  </datafield>
  <datafield tag="712" ind1="0" ind2="0">
    <subfield code="a">Blado, Antonio - eredi</subfield>
    <subfield code="3">IT\ICCU\CNCT\000148</subfield>
    <subfield code="4">650</subfield>
  </datafield>
  <datafield tag="801" ind1=" " ind2="3">
    <subfield code="a">IT</subfield>
    <subfield code="b">ICCU</subfield>
    <subfield code="c">20201115</subfield>
  </datafield>
  <datafield tag="899" ind1=" " ind2=" ">
    <subfield code="a">Biblioteca nazionale centrale. Roma</subfield>
    <subfield code="1">RM0267</subfield>
    <subfield code="2">BVE CR</subfield>
  </datafield>
</record>
</collection>
